<collection xmlns="http://www.loc.gov/MARC21/slim">
<record>
  <leader>02369nam0a22003731i 450 </leader>
  <controlfield tag="001">IT\ICCU\CNCE\033145</controlfield>
  <controlfield tag="005">20130123000000.0</controlfield>
  <datafield tag="012" ind1=" " ind2=" ">
    <subfield code="a">e.ad moo- qnl. inpo (3) 1522 (R)</subfield>
    <subfield code="2">fei</subfield>
  </datafield>
  <datafield tag="100" ind1=" " ind2=" ">
    <subfield code="a">19971217d1522        0itac0103    ba</subfield>
  </datafield>
  <datafield tag="101" ind1=" " ind2=" ">
    <subfield code="a">LAT</subfield>
  </datafield>
  <datafield tag="102" ind1=" " ind2=" ">
    <subfield code="a">IT</subfield>
  </datafield>
  <datafield tag="200" ind1="1" ind2=" ">
    <subfield code="a">Constitutionum opus regni Siciliae cum glosis, comento, &amp; repertorio. d. Andreae de Ysernia, ac capitulis additis post prima que licet aliquando allegentur, non tamen impressa leguntur. Ac ritibus Magne Curie Vicarie, pluribus pragmaticis post antiquas regis catholici varijs apostillis diuersorum doctorum nouiter correctum &amp; ordinatum (summa diligentia) per m.v.i.d. d. Cesarem de Pirrinis de Neap. existente correctore eiusdem operis impressore d. Petro Paulo de Anna de Neap. v.i.p. Impressum ibidem</subfield>
  </datafield>
  <datafield tag="210" ind1=" " ind2=" ">
    <subfield code="e">Neapoli</subfield>
    <subfield code="g">in edibus magistri Ioan. Pasq. prope diuam Nunciatam accuratissime impressus</subfield>
    <subfield code="h">1522. die vlt. Feb.</subfield>
  </datafield>
  <datafield tag="215" ind1=" " ind2=" ">
    <subfield code="a">\18!, 294, 38 c.</subfield>
    <subfield code="d">fol</subfield>
  </datafield>
  <datafield tag="300" ind1=" " ind2=" ">
    <subfield code="a">A c. 213r. altro coloph.: (Impressum Neapoli : in edibus magistri Ioann. Pasquet. Neapol., 1521 XXIX Augusti)</subfield>
  </datafield>
  <datafield tag="620" ind1=" " ind2=" ">
    <subfield code="a">IT</subfield>
    <subfield code="d">Napoli</subfield>
  </datafield>
  <datafield tag="710" ind1="0" ind2="2">
    <subfield code="a">Sicilia</subfield>
    <subfield code="c"> &lt;Regno&gt;</subfield>
    <subfield code="3">IT\ICCU\CNCA\006798</subfield>
  </datafield>
  <datafield tag="702" ind1=" " ind2="1">
    <subfield code="a">Anna,</subfield>
    <subfield code="b">Pietro Paolo : d&apos;</subfield>
    <subfield code="3">IT\ICCU\CNCA\018644</subfield>
  </datafield>
  <datafield tag="702" ind1=" " ind2="1">
    <subfield code="a">Perrinis,</subfield>
    <subfield code="b">Cesare : de</subfield>
    <subfield code="3">IT\ICCU\CNCA\018676</subfield>
  </datafield>
  <datafield tag="712" ind1="0" ind2="2">
    <subfield code="a">Sicilia</subfield>
    <subfield code="c"> &lt;Regno&gt;</subfield>
    <subfield code="b"> : Magna Regia Curia</subfield>
    <subfield code="3">IT\ICCU\CNCA\024418</subfield>
  </datafield>
  <datafield tag="702" ind1=" " ind2="0">
    <subfield code="a">Andrea</subfield>
    <subfield code="c"> : d&apos;Isernia</subfield>
    <subfield code="3">IT\ICCU\CNCA\000693</subfield>
  </datafield>
  <datafield tag="712" ind1="0" ind2="0">
    <subfield code="a">Pasquet, Jean</subfield>
    <subfield code="3">IT\ICCU\CNCT\000143</subfield>
    <subfield code="4">650</subfield>
  </datafield>
  <datafield tag="790" ind1=" " ind2="1">
    <subfield code="a">D&apos;Anna,</subfield>
    <subfield code="b">Pietro Paolo</subfield>
    <subfield code="3">IT\ICCU\CNCA\019305</subfield>
    <subfield code="z">Anna, Pietro Paolo : d&apos;</subfield>
  </datafield>
  <datafield tag="790" ind1=" " ind2="1">
    <subfield code="a">Perrini,</subfield>
    <subfield code="b">Cesare</subfield>
    <subfield code="3">IT\ICCU\CNCA\019982</subfield>
    <subfield code="z">Perrinis, Cesare : de</subfield>
  </datafield>
  <datafield tag="790" ind1=" " ind2="1">
    <subfield code="a">Rampini,</subfield>
    <subfield code="b">Andrea</subfield>
    <subfield code="3">IT\ICCU\CNCA\014730</subfield>
    <subfield code="z">Andrea : d&apos;Isernia</subfield>
  </datafield>
  <datafield tag="790" ind1=" " ind2="1">
    <subfield code="a">Rampinis,</subfield>
    <subfield code="b">Andreas : de</subfield>
    <subfield code="3">IT\ICCU\CNCA\018698</subfield>
    <subfield code="z">Andrea : d&apos;Isernia</subfield>
  </datafield>
  <datafield tag="790" ind1=" " ind2="0">
    <subfield code="a">Andreas</subfield>
    <subfield code="c"> : Iserniensis</subfield>
    <subfield code="3">IT\ICCU\CNCA\022619</subfield>
    <subfield code="z">Andrea : d&apos;Isernia</subfield>
  </datafield>
  <datafield tag="791" ind1="0" ind2="0">
    <subfield code="a">Pasquetus, Ioanannes de Sallo</subfield>
    <subfield code="3">IT\ICCU\CNCT\005302</subfield>
    <subfield code="z">Pasquet, Jean</subfield>
  </datafield>
  <datafield tag="791" ind1="0" ind2="0">
    <subfield code="a">Pasquetti, Giovanni</subfield>
    <subfield code="3">IT\ICCU\CNCT\006395</subfield>
    <subfield code="z">Pasquet, Jean</subfield>
  </datafield>
  <datafield tag="801" ind1=" " ind2="3">
    <subfield code="a">IT</subfield>
    <subfield code="b">ICCU</subfield>
    <subfield code="c">20201114</subfield>
  </datafield>
  <datafield tag="899" ind1=" " ind2=" ">
    <subfield code="a">Biblioteca Apostolica Vaticana. Citt ̉del Vaticano</subfield>
    <subfield code="1">EX0001</subfield>
    <subfield code="2">ZCV 01</subfield>
  </datafield>
  <datafield tag="899" ind1=" " ind2=" ">
    <subfield code="a">Biblioteca universitaria. Napoli</subfield>
    <subfield code="1">NA0070</subfield>
    <subfield code="2">NAP BU</subfield>
  </datafield>
  <datafield tag="899" ind1=" " ind2=" ">
    <subfield code="a">Biblioteca nazionale Vittorio Emanuele III. Napoli</subfield>
    <subfield code="z">MUTILO</subfield>
    <subfield code="1">NA0079</subfield>
    <subfield code="2">NAP BN</subfield>
  </datafield>
  <datafield tag="899" ind1=" " ind2=" ">
    <subfield code="a">Biblioteca centrale della Regione siciliana Alberto Bombace. Palermo</subfield>
    <subfield code="z">MUTILO</subfield>
    <subfield code="1">PA0064</subfield>
    <subfield code="2">PAL BP</subfield>
  </datafield>
</record>
</collection>
